<collection xmlns="http://www.loc.gov/MARC21/slim">
<record>
  <leader>01240nam0a2200253 i 450 </leader>
  <controlfield tag="001">IT\ICCU\CNCE\050103</controlfield>
  <controlfield tag="005">20160527000000.0</controlfield>
  <datafield tag="012" ind1=" " ind2=" ">
    <subfield code="a">e.la aido tudi &amp;lil (C) 1524 (Q)</subfield>
    <subfield code="2">fei</subfield>
  </datafield>
  <datafield tag="100" ind1=" " ind2=" ">
    <subfield code="a">19991222f1524        0itac0103    ba</subfield>
  </datafield>
  <datafield tag="101" ind1=" " ind2=" ">
    <subfield code="a">ITA</subfield>
  </datafield>
  <datafield tag="102" ind1=" " ind2=" ">
    <subfield code="a">IT</subfield>
  </datafield>
  <datafield tag="200" ind1="1" ind2=" ">
    <subfield code="a">Libro da imparare giochare a scachi, et de belissimi partiti, reuisti &amp; recorretti &amp; con summa diligentia da molti famosissimi giocatori emendati. In lingua spagnola, &amp; taliana nouamente stampato</subfield>
  </datafield>
  <datafield tag="210" ind1=" " ind2=" ">
    <subfield code="d">\Dopo il 1524!</subfield>
  </datafield>
  <datafield tag="215" ind1=" " ind2=" ">
    <subfield code="a">\64! c.</subfield>
    <subfield code="c">ill.</subfield>
    <subfield code="d">8ʻ</subfield>
  </datafield>
  <datafield tag="300" ind1=" " ind2=" ">
    <subfield code="a">Il nome dell&apos;autore si ricava dall&apos;explicit. - Per la data cfr.: A. Chicco e G. Porrecca, Il libro completo degli scacchi, Milano 1973</subfield>
  </datafield>
  <datafield tag="700" ind1=" " ind2="0">
    <subfield code="a">Damiano</subfield>
    <subfield code="c"> : da#Odemira</subfield>
    <subfield code="3">IT\ICCU\CNCA\004587</subfield>
  </datafield>
  <datafield tag="712" ind1="0" ind2="2">
    <subfield code="a">s.n.</subfield>
    <subfield code="3">IT\ICCU\CNCT\000002</subfield>
    <subfield code="4">650</subfield>
  </datafield>
  <datafield tag="790" ind1=" " ind2="1">
    <subfield code="a">Damiô,</subfield>
    <subfield code="b">Pedro</subfield>
    <subfield code="3">IT\ICCU\CNCA\015223</subfield>
    <subfield code="z">Damiano : da#Odemira</subfield>
  </datafield>
  <datafield tag="790" ind1=" " ind2="0">
    <subfield code="a">Damian</subfield>
    <subfield code="3">IT\ICCU\CNCA\015224</subfield>
    <subfield code="z">Damiano : da#Odemira</subfield>
  </datafield>
  <datafield tag="790" ind1=" " ind2="0">
    <subfield code="a">Damiano</subfield>
    <subfield code="c"> : de#Odenara</subfield>
    <subfield code="3">IT\ICCU\CNCA\015226</subfield>
    <subfield code="z">Damiano : da#Odemira</subfield>
  </datafield>
  <datafield tag="790" ind1=" " ind2="0">
    <subfield code="a">Damiano</subfield>
    <subfield code="c"> : Portoghese</subfield>
    <subfield code="3">IT\ICCU\CNCA\018317</subfield>
    <subfield code="z">Damiano : da#Odemira</subfield>
  </datafield>
  <datafield tag="801" ind1=" " ind2="3">
    <subfield code="a">IT</subfield>
    <subfield code="b">ICCU</subfield>
    <subfield code="c">20201115</subfield>
  </datafield>
  <datafield tag="899" ind1=" " ind2=" ">
    <subfield code="a">Biblioteca Ambrosiana. Milano</subfield>
    <subfield code="1">MI0133</subfield>
    <subfield code="2">VBA 01</subfield>
  </datafield>
  <datafield tag="899" ind1=" " ind2=" ">
    <subfield code="a">Biblioteca nazionale Marciana. Venezia</subfield>
    <subfield code="1">VE0049</subfield>
    <subfield code="2">VEA BM</subfield>
  </datafield>
</record>
</collection>
